<?xml version="1.0" encoding="UTF-8"?><record xmlns="http://www.loc.gov/MARC21/slim" xmlns:cinclude="http://apache.org/cocoon/include/1.0" xmlns:zs="http://www.loc.gov/zing/srw/">
  <leader>02023cz  a2200433n  4500</leader>
  <controlfield tag="001">n  81062522 </controlfield>
  <controlfield tag="003">DLC</controlfield>
  <controlfield tag="005">20141104073947.0</controlfield>
  <controlfield tag="008">810813n| azannaabn          |b aaa      </controlfield>
  <datafield tag="010" ind1=" " ind2=" ">
    <subfield code="a">n  81062522 </subfield>
  </datafield>
  <datafield tag="035" ind1=" " ind2=" ">
    <subfield code="a">(OCoLC)oca00607930</subfield>
  </datafield>
  <datafield tag="040" ind1=" " ind2=" ">
    <subfield code="a">DLC</subfield>
    <subfield code="b">eng</subfield>
    <subfield code="e">rda</subfield>
    <subfield code="c">DLC</subfield>
    <subfield code="d">DLC</subfield>
    <subfield code="d">ICU</subfield>
    <subfield code="d">OCoLC</subfield>
    <subfield code="d">NNC</subfield>
  </datafield>
  <datafield tag="046" ind1=" " ind2=" ">
    <subfield code="f">18980929</subfield>
    <subfield code="g">19230618</subfield>
  </datafield>
  <datafield tag="053" ind1=" " ind2="0">
    <subfield code="a">PG1037.S53</subfield>
  </datafield>
  <datafield tag="100" ind1="1" ind2=" ">
    <subfield code="a">Smirnenski, Khristo,</subfield>
    <subfield code="d">1898-1923</subfield>
  </datafield>
  <datafield tag="370" ind1=" " ind2=" ">
    <subfield code="a">Kilkis (Greece)</subfield>
    <subfield code="2">naf</subfield>
  </datafield>
  <datafield tag="370" ind1=" " ind2=" ">
    <subfield code="e">Sofia (Bulgaria)</subfield>
    <subfield code="2">naf</subfield>
    <subfield code="s">1913</subfield>
  </datafield>
  <datafield tag="374" ind1=" " ind2=" ">
    <subfield code="a">Authors</subfield>
    <subfield code="2">lcsh</subfield>
  </datafield>
  <datafield tag="375" ind1=" " ind2=" ">
    <subfield code="a">male</subfield>
  </datafield>
  <datafield tag="377" ind1=" " ind2=" ">
    <subfield code="a">bul</subfield>
  </datafield>
  <datafield tag="378" ind1=" " ind2=" ">
    <subfield code="q">Khristo Dimitrov</subfield>
  </datafield>
  <datafield tag="400" ind1="1" ind2=" ">
    <subfield code="a">Смирненски, Христо,</subfield>
    <subfield code="d">1898-1923</subfield>
  </datafield>
  <datafield tag="400" ind1="1" ind2=" ">
    <subfield code="a">Izmirliev, Khristo D.</subfield>
    <subfield code="q">(Khristo Dimitrov),</subfield>
    <subfield code="d">1898-1923</subfield>
  </datafield>
  <datafield tag="400" ind1="1" ind2=" ">
    <subfield code="a">Izmirliev, Kh. D.</subfield>
    <subfield code="q">(Khristo Dimitrov),</subfield>
    <subfield code="d">1898-1923</subfield>
  </datafield>
  <datafield tag="400" ind1="1" ind2=" ">
    <subfield code="a">Smyrnenski, Hristo,</subfield>
    <subfield code="d">1898-1923</subfield>
  </datafield>
  <datafield tag="400" ind1="1" ind2=" ">
    <subfield code="a">Smirnenski, Christo,</subfield>
    <subfield code="d">1898-1923</subfield>
  </datafield>
  <datafield tag="400" ind1="1" ind2=" ">
    <subfield code="a">Измирлиев, Христо Димитров,</subfield>
    <subfield code="d">1898-1923</subfield>
  </datafield>
  <datafield tag="400" ind1="1" ind2=" ">
    <subfield code="a">Izmirliev, Khristo Dimitrov,</subfield>
    <subfield code="d">1898-1923</subfield>
  </datafield>
  <datafield tag="400" ind1="1" ind2=" ">
    <subfield code="a">Smirnensky, Hristo,</subfield>
    <subfield code="d">1898-1923</subfield>
  </datafield>
  <datafield tag="400" ind1="1" ind2=" ">
    <subfield code="a">Smìrnenski, Hristo,</subfield>
    <subfield code="d">1898-1923</subfield>
  </datafield>
  <datafield tag="500" ind1="0" ind2=" ">
    <subfield code="a">Vedbal,</subfield>
    <subfield code="d">1898-1923</subfield>
  </datafield>
  <datafield tag="667" ind1=" " ind2=" ">
    <subfield code="a">Non-Latin script references not evaluated.</subfield>
  </datafield>
  <datafield tag="670" ind1=" " ind2=" ">
    <subfield code="a">His Izbrani proizvedenii︠a︡, 1949.</subfield>
  </datafield>
  <datafield tag="670" ind1=" " ind2=" ">
    <subfield code="a">Kratka bŭlg. ent︠s︡., 1967</subfield>
    <subfield code="b">(Smirnenski, Khristo; pseud. of Khristo Dimitrov Izmirliev)</subfield>
  </datafield>
  <datafield tag="670" ind1=" " ind2=" ">
    <subfield code="a">His Selected poetry and prose, 1980:</subfield>
    <subfield code="b">t.p. (Hristo Smirnensky)</subfield>
  </datafield>
  <datafield tag="670" ind1=" " ind2=" ">
    <subfield code="a">His Si faccia giorno, c1980:</subfield>
    <subfield code="b">t.p. (Hristo Smìrnenski)</subfield>
  </datafield>
  <datafield tag="670" ind1=" " ind2=" ">
    <subfield code="a">His Raznokalibreni vŭzdishki v stikhove i proza, 1918:</subfield>
    <subfield code="b">t.p. (Vedbal)</subfield>
  </datafield>
  <datafield tag="670" ind1=" " ind2=" ">
    <subfield code="a">Rechnik na bŭlg. psevd. (Vedbal, pseud. of Khristo Smirnenski)</subfield>
  </datafield>
  <datafield tag="670" ind1=" " ind2=" ">
    <subfield code="a">Nad mŭrtvata gradinka vecherta..., 2013:</subfield>
    <subfield code="b">title page (Христо Смирненски = Khristo Smirnenski) page 91-93 (prose and poetry writer, real name Христо Димитров Измирлиев = Khristo Dimitrov Izmirliev, born September 29, 1898 in Kilkis, Greece, lived in Sofia, Bulgaria since 1913, died June 18, 1923)</subfield>
  </datafield>
</record>